<?xml version="1.0" encoding="UTF-8"?><collection xmlns="http://www.loc.gov/MARC21/slim"><record><leader>00464nam--2200145-i-4500</leader><controlfield tag="001">000015950</controlfield><controlfield tag="002">20161230</controlfield><controlfield tag="005">20161230201031</controlfield><controlfield tag="008">060222s1000------------r-----000-0-eng-d</controlfield><datafield ind1=" " ind2=" " tag="080"><subfield code="a">530.145.6</subfield></datafield><datafield ind1=" " ind2=" " tag="100"><subfield code="a">Broglie, Louis De</subfield></datafield><datafield ind1=" " ind2=" " tag="245"><subfield code="a">Etude critique des bases de l interpretation a ctuelle de la mecanique ondulatoire</subfield></datafield><datafield ind1=" " ind2=" " tag="260"><subfield code="a">Paris, Gauthier-villars And C-ie, 1963 98 P</subfield></datafield><datafield ind1=" " ind2=" " tag="490"><subfield code="a">Traite De Physique Theorique Et De Physique Ma Thematique</subfield></datafield><datafield ind1=" " ind2=" " tag="852"><subfield code="a">10381</subfield></datafield></record></collection>